@book{Scott:Carrington:2011,
	author = {Scott, John P. and Carrington, Peter J.},
	title = {The SAGE Handbook of Social Network Analysis},
	year = {2011},
	isbn = {1847873952, 9781847873958},
	publisher = {Sage Publications Ltd.},
}

@article{Marteleto:2001,
	Author = {Marteleto, Regina Maria},
	Title = {Mídias Sociais: uma contribuição de análise},
	Year = {2014},
	Address = {EDIPUCRS: Editora Universitária da PUCRS},
}

@article{Goular:2014,
	Author = {Goular, Elias E.},
	Title = {Análise de redes sociais: aplicação nos estudos de transferência da informação},
	Year = {2001},
	Address = {Ciência da Informação, Brasília},
}

@article{Hanneman:Riddle:2005,
	Author = {Hanneman, R. A. and Riddle, M.},
	Title = {Introduction to social network methods},
	Year = {2005},
	Address = {Riverside, CA: University of California},
	Url = {http://faculty.ucr.edu/~hanneman/nettext/}
}

@article{Krueger:1992,
	author = {Krueger, Charles W.},
	title = {Software Reuse},
	journal = {ACM Comput. Surv.},
	issue_date = {June 1992},
	volume = {24},
	number = {2},
	month = jun,
	year = {1992},
	issn = {0360-0300},
	pages = {131--183},
	numpages = {53},
	doi = {10.1145/130844.130856},
	acmid = {130856},
	publisher = {ACM},
	address = {New York, NY, USA},
	keywords = {abstraction, cognitive distance, software reuse},
} 

@inproceedings{Keswani:Joshi:Jatain:2014,
	author = {Keswani, Raman and Joshi, Salil and Jatain, Aman},
	title = {Software Reuse in Practice},
	booktitle = {Proceedings of the 2014 Fourth International Conference on Advanced Computing \& Communication Technologies},
	series = {ACCT '14},
	year = {2014},
	isbn = {978-1-4799-4910-6},
	pages = {159--162},
	numpages = {4},
	url = {http://dx.doi.org/10.1109/ACCT.2014.57},
	doi = {10.1109/ACCT.2014.57},
	acmid = {2605850},
	publisher = {IEEE Computer Society},
	address = {Washington, DC, USA},
}

@article{Tomae:Alcara:Chiara:2005,
	Author = {Tomae, Maria I. and Alcara, Adriana R. and Chiara, Ivone Guerreiro},
	Title = {Das redes sociais à inovação},
	Year = {2005},
	Address = {Ci. Inf., Brasília},
}

@book{Newman:2010,
	author = {Newman, Mark},
	title = {Networks: An Introduction},
	year = {2010},
	isbn = {0199206651, 9780199206650},
	publisher = {Oxford University Press, Inc.},
	address = {New York, NY, USA},
}

@book{Wasserman:1994,
	author = {Wasserman, Stanley and Faust, Katherine},
	interhash = {387e48dafbb99962c628d30bfe9aa527},
	intrahash = {7b1c3ba3ba7651ea77e67c4bdaf6ae5f},
	keywords = {},
	publisher = {Cambridge university press},
	timestamp = {2013-07-02T14:50:25.000+0200},
	title = {Social network analysis: Methods and applications},
	volume = 8,
	year = 1994
}

@article{Sodre:2002,
	author = {Muniz Sodre},
	title = {Antropológica do Espelho: Uma Teoria da Comunicação Linear e em Rede},
	publisher = {Editora Vozes},
	address = {Petrópolis, RJ},
	volume = {3},
	number = {4},
	year = {2002},
}

@book{Capra:2002,
	title={Conexões Ocultas, as},
	author={Capra, F.},
	isbn={9788531607486},
	year={2002},
	publisher={Cultrix}
}

@article{Wellman:1996,
	added-at = {2010-02-08T21:21:00.000+0100},
	author = {Wellman, Barry},
	biburl = {http://www.bibsonomy.org/bibtex/2461966b9175a88b474dc29507b65d5ea/andreasy},
	interhash = {4d8755720a59511f87b4dd3683f7f3da},
	intrahash = {461966b9175a88b474dc29507b65d5ea},
	journal = {Social Networks},
	keywords = {imported},
	number = 4,
	owner = {Herz},
	pages = {347--354},
	timestamp = {2010-02-08T21:21:03.000+0100},
	title = {Are personal communities local? A Dumptarian reconsideration},
	volume = 18,
	year = 1996
}

@article{Milgram:1967,
	added-at = {2015-06-17T22:35:04.000+0200},
	author = {Milgram, Stanley},
	interhash = {dc8738cacf31a3a7269e1e0aa35d5537},
	intrahash = {ad3cbb95c4abcf82f3a265ba28016ca6},
	journal = {Psychology Today},
	keywords = {seminar small ss2015 talk world},
	number = 1,
	pages = {61-67},
	timestamp = {2015-06-17T22:35:04.000+0200},
	title = {The Small World Problem},
	volume = 67,
	year = 1967
}

@article{Johnson:1997,
	author = {Johnson, Ralph E.},
	title = {Frameworks = (Components + Patterns)},
	journal = {Commun. ACM},
	issue_date = {Oct. 1997},
	volume = {40},
	number = {10},
	month = oct,
	year = {1997},
	issn = {0001-0782},
	pages = {39--42},
	numpages = {4},
	doi = {10.1145/262793.262799},
	acmid = {262799},
	publisher = {ACM},
	address = {New York, NY, USA},
} 

@article{Fayad:Schimidt:1997,
	author = {Fayad, Mohamed and Schmidt, Douglas C.},
	title = {Object-oriented Application Frameworks},
	journal = {Commun. ACM},
	issue_date = {Oct. 1997},
	volume = {40},
	number = {10},
	month = oct,
	year = {1997},
	issn = {0001-0782},
	pages = {32--38},
	numpages = {7},
	doi = {10.1145/262793.262798},
	acmid = {262798},
	publisher = {ACM},
	address = {New York, NY, USA},
} 

@article{Johnson:Foote:1988,
	author = {Johnson, Ralph E. and Foote, Brian},
	biburl = {http://www.bibsonomy.org/bibtex/26e8968efc9293c7c42717cdaae087291/gron},
	interhash = {25df3127401b6895393174295d3d05c7},
	intrahash = {6e8968efc9293c7c42717cdaae087291},
	journal = {Journal of Object-Oriented Programming},
	keywords = {ObjectOriented Reuse},
	month = {June/July},
	number = 2,
	pages = {22--35},
	timestamp = {2013-01-22T12:41:14.000+0100},
	title = {Designing Reusable Classes},
	url = {http://www.laputan.org/drc.html},
	volume = 1,
	year = 1988
}

@article{Kroth:2000,
	Author = {Kroth, Eduardo},
	Title = {Arquitetura de software para reuso de componentes},
	Year = {2000},
	Address = {Universidade Federal do Rio Grande do Sul, RS, BR},
}

@book{Bondy:2007,
	title = "Graph theory",
	author = "Bondy, John-Adrian and Murty, U. S. R.",
	series = "Graduate texts in mathematics",
	publisher = "Springer",
	address = "New York, London",
	isbn = "978-1-8462-8969-9",
	note = "OHX",
	year = 2007
}

@book{Diestel:1997,
	Title = "Graph Theory",
	Author = "Reinhard Diestel",
	Publisher = "Springe",
	Year = 1997,
	Number = {173},
	Series = {Graduate Texts in Mathematics},
	Annote = {SIGNATUR = 749.774},
	Keywords = {FUNDAMENTALS mathematics},
	Place = {Favoritenstrasse 9/4th Floor/1863}
}

@article{Costa:2011,
	author = {Polyanna Possani da Costa},
	title = {Teoria de Grafos e suas Aplicações},
	year = {2011},
} 

@misc{Ore:1963,
	title = "Graphs and their uses",
	author = "Ore, Oystein",
	series = "New mathematical library",
	publisher = "Random House",
	address = "New York",
	year = 1963
}

@article{Malta:2008,
	author = {Gláucia Helena Sarmento Malta},
	title = {Grafos no Ensino Médio: uma inserção possível},
	year = {2008},
}

@book{Mello:2007,
	title={Introdução à Análise Combinatória},
	author={Mello, M.P. and DOS SANTOS, J.P.O. and Murari, I.T.C.},
	isbn={9788573936346},
	year={2007},
	publisher={Ed. Ciencia Moderna}
}

@book{Netto:2012,
	title={Grafos: Teorias, Modelos, Algoritmos},
	author={Netto, P. O. B.},
	isbn={9788573936346},
	year={2012},
}

@article{Silva:2000,
	Author = {Silva, Ricardo Pereira e},
	Title = {Suporte ao desenvolvimento e uso de frameworks e componente},
	Year = {2000},
	Address = {Universidade Federal do Rio Grande do Sul, RS, BR},
}

@article{Boyd:Ellison:2007,
	added-at = {2007-12-07T21:41:23.000+0100},
	author = {Boyd, Danah M. and Ellison, Nicole B.},
	biburl = {http://www.bibsonomy.org/bibtex/25fe9809ea6c3c9f43f96a7fc550f8e2a/cameron},
	date = {(2007).article 11.},
	date-added = {2007-11-16 14:43:16 -0500},
	date-modified = {2007-11-16 14:44:12 -0500},
	description = {Social Network Sites: Definition, History, and Scholarship},
	interhash = {d86d8d93ce52a5bb5ed01f11a609bd99},
	intrahash = {5fe9809ea6c3c9f43f96a7fc550f8e2a},
	journal = {Journal of Computer-Mediated Communication},
	keywords = {social_networking},
	number = 1,
	timestamp = {2007-12-07T21:41:26.000+0100},
	title = {Social network sites: Definition, history, and scholarship},
	volume = 13,
	year = 2007
}

@article{Santana:Melo-Solarte:Neris:Miranda:Baranauskas:2009,
	Author = {Santana, V. F. and Melo-Solarte, D. S. and Neris, V. P. A. and Miranda, L. C. and Baranauskas, M. C. C.},
	Title = {Redes sociais online: desafios e possibilidades para o contexto brasileiro},
	Year = {2009},
	Address = {XXXVI SEMISH/XXIX CSBC},
}

@book{Shalloway:Trott:2004,
	author = {Shalloway, Alan and Trott, James},
	title = {Design Patterns Explained: A New Perspective on Object-Oriented Design (2Nd Edition) (Software Patterns Series)},
	year = {2004},
	isbn = {0321247140},
	publisher = {Addison-Wesley Professional},
}

@book{Alexander:1979,
	added-at = {2006-06-05T03:03:45.000+0200},
	address = {New York},
	author = {Alexander, Christopher},
	biburl = {http://www.bibsonomy.org/bibtex/25f07db945cc2c9a454a21125c11a2aa0/yish},
	citeulike-article-id = {411189},
	howpublished = {Hardcover},
	interhash = {0c1d7741460924802a3c55fa2989a019},
	intrahash = {5f07db945cc2c9a454a21125c11a2aa0},
	isbn = {0195024028},
	keywords = {CnE07 alexander architecture cerme6 christopher design designapproaches eLPBookMor mathgamespatterns mythesis nature order patterns theory},
	priority = {2},
	publisher = {Oxford University Press},
	timestamp = {2010-05-28T18:51:57.000+0200},
	title = {The Timeless Way of Building},
	year = 1979
}

@book{Gamma:1995,
	author = {Gamma, Erich and Helm, Richard and Johnson, Ralph and Vlissides, John},
	title = {Design Patterns: Elements of Reusable Object-oriented Software},
	year = {1995},
	isbn = {0-201-63361-2},
	publisher = {Addison-Wesley Longman Publishing Co., Inc.},
	address = {Boston, MA, USA},
}

@book{Cormen:2001,
	author = {Cormen, Thomas H. and Stein, Clifford and Rivest, Ronald L. and Leiserson, Charles E.},
	title = {Introduction to Algorithms},
	year = {2001},
	isbn = {0070131511},
	edition = {2nd},
	publisher = {McGraw-Hill Higher Education},
}

@book{Manber:1989,
	author = {Manber, Udi},
	interhash = {5a87f417d2c8abce2f5fa337ef2c8e3a},
	intrahash = {02b8be273d07442f8f2cf435ef002e1a},
	isbn = {978-0-201-12037-0},
	keydf = {IT_book13},
	keywords = {IT_book algorithms programming},
	pages = {I-XIV, 1-478},
	publisher = {Addison-Wesley},
	timestamp = {2011-10-08T16:24:56.000+0200},
	title = {Introduction to algorithms - a creative approach},
	year = 1989
}

@article{Lucredio:2009,
	Author = {Lucrédio, Daniel},
	Title = {Uma Abordagem Orientada a Modelos para Reutilização de Software},
	Year = {2009},
	Address = {INSTITUTO DE CIÊNCIAS MATEMÁTICAS E DE COMPUTAÇÃO UNIVERSIDADE DE SÃO PAULO},
}

@book{Sampaio:2005,
	author = {Sampaio, Rudini Menezes. and Yanasse, Horácio Hideki},
	title = {Estudo e Implementação de Algoritmos de Roteamento sobre Grafos em um Sistema de Informações Geográficas},
	year = {2005},
}

@book{Brassard:1988,
	author = {Brassard, Gilles and Bratley, Paul},
	title = {Algorithmics: Theory \&Amp; Practice},
	year = {1988},
	isbn = {0-13-023243-2},
	publisher = {Prentice-Hall, Inc.},
	address = {Upper Saddle River, NJ, USA},
}

@article{Rezende:2002,
	Author = {Pedro J. de Rezende},
	Title = {Complexidade de Algoritmos I},
	Year = {2002},
}

@book{Stojanovic:Dahanayake:2005,
	author = {Stojanovic, Zoran and Dahanayake, Ajantha},
	title = {Service-oriented Software System Engineering Challenges And Practices},
	year = {2005},
	isbn = {1591404274},
	publisher = {IGI Global},
	address = {Hershey, PA, USA},
} 

@article{Victorino:Brascher:2009,
	Author = {Victorino, Marcio and Bräscher, Marisa},
	Title = {Organização da Informação e do Conhecimento, Engenharia de Software e Arquitetura Orientada a Serviços: uma Abordagem Holística para o Desenvolvimento de Sistemas de Informação Computadorizados},
	Year = {2009},
	Address = {DataGramaZero - Revista de Ciência da Informação - v.10  n.3},
}

@book{Aho:1983,
	author = {Aho, Alfred V. and Hopcroft, John E. and Ullman, Jeffrey},
	title = {Data Structures and Algorithms},
	year = {1983},
	isbn = {0201000237},
	edition = {1st},
	publisher = {Addison-Wesley Longman Publishing Co., Inc.},
	address = {Boston, MA, USA},
} 

@book{Sedgewick:2011,
	title={Algorithms},
	author={Sedgewick, R. and Wayne, K.},
	isbn={9780132762564},
	year={2011},
	publisher={Pearson Education}
}

@book{Halim:Halim:2013,
   title = "Competitive Programming 3: The New Lower Bound of Programming Contests.",
   author = "Halim, Steven and Halim, Felix",
   year = 2013
}

@book{Newcomer:Lomow:2004,
	author = {Newcomer, Eric and Lomow, Greg},
	title = {Understanding SOA with Web Services (Independent Technology Guides)},
	year = {2004},
	isbn = {0321180860},
	publisher = {Addison-Wesley Professional},
}

@book{Alonso:Casati:Kuno:Machiraju:2010,
	author = {Alonso, Gustavo and Casati, Fabio and Kuno, Harumi and Machiraju, Vijay},
	title = {Web Services: Concepts, Architectures and Applications},
	year = {2010},
	isbn = {3642078885, 9783642078880},
	edition = {1st},
	publisher = {Springer Publishing Company, Incorporated},
}

@article{Filho:2009,
	Author = {Filho, Otávio Freitas Ferreira},
	Title = {Serviços semânticos: Uma abordagem RESTFul},
	Year = {2009},
	Address = {Escola Politécnica da Universidade de São Paulo},
}

@article{Pautasso:2009,
	author = {Pautasso, Cesare},
	title = {RESTful Web Service Composition with BPEL for REST},
	journal = {Data Knowl. Eng.},
	issue_date = {September, 2009},
	volume = {68},
	number = {9},
	month = sep,
	year = {2009},
	issn = {0169-023X},
	pages = {851--866},
	numpages = {16},
	doi = {10.1016/j.datak.2009.02.016},
	acmid = {1551240},
	publisher = {Elsevier Science Publishers B. V.},
	address = {Amsterdam, The Netherlands, The Netherlands},
	keywords = {BPEL extension, RESTful Web service, Web service composition},
} 

@article{Rosenberg:Curbera:Duftler:Khalaf:2008,
	added-at = {2011-11-02T00:00:00.000+0100},
	author = {Rosenberg, Florian and Curbera, Francisco and Duftler, Matthew J. and Khalaf, Rania},
	biburl = {http://www.bibsonomy.org/bibtex/228a63600ee35ed6187fafc69da623fdf/dblp},
	ee = {http://doi.ieeecomputersociety.org/10.1109/MIC.2008.98},
	interhash = {0785fd46c69b1d1129c8c2bd38e6549b},
	intrahash = {28a63600ee35ed6187fafc69da623fdf},
	journal = {IEEE Internet Computing},
	keywords = {dblp},
	number = 5,
	timestamp = {2011-11-03T11:37:00.000+0100},
	title = {Composing RESTful Services and Collaborative Workflows: A Lightweight Approach.},
	url = {http://dblp.uni-trier.de/db/journals/internet/internet12.html#RosenbergCDK08},
	volume = 12,
	year = 2008
}

@article{Moresi:2003,
	author = {Moresi, Eduardo},
	title = {Metodologia da Pesquisa},
	address = {Universidade Católica de Brasília - Brasília DF},
	year = 2003,
}

@book{Wohlin:2000,
	author = {Wohlin, Claes and Runeson, Per and H\"{o}st, Martin and Ohlsson, Magnus C. and Regnell, Bj\"{o}orn and Wessl{\'e}n, Anders},
	title = {Experimentation in Software Engineering: An Introduction},
	year = {2000},
	isbn = {0-7923-8682-5},
	publisher = {Kluwer Academic Publishers},
	address = {Norwell, MA, USA},
}

@article{eMarketer:2013,
	author = {eMarketer},
	title = {Brazil's Social Audience Keeps Growing, as New Web Users Join In},
	year = {2013},
	url = {http://www.emarketer.com/Article/Brazils-Social-Audience-Keeps-Growing-New-Web-Users-Join/1010003}
}

@article{Lima:2015,
	author = {Thaiana Maria Pinheiro Lima},
	title = {Uma Abordagem Socio-técnica para Apoiar Modelagem e Análise de Ecossistemas de Software},
	year = {2015},
	url = {http://monografias.poli.ufrj.br/monografias/monopoli10014249.pdf}
}

@article{Almeida:2006,
	author = {Rodrigo Rebouças de Almeida},
	title = {Model-View-Controller (MVC)},
	year = {2006},
	url = {http://www.dsc.ufcg.edu.br/~jacques/cursos/map/html/arqu/mvc/mvc.htm}
}

@book{Travassos:2002,
	title={Introdução à engenharia de software experimental},
	author={Travassos, Guilherme Horta},
	series={RT-ES-590/02},
	url={http://www.ufpa.br/cdesouza/teaching/topes/4-ES-Experimental.pdf},
	year={2002},
	publisher={UFRJ}
}

@article{Silva:Tafner:2007,
	author = {Elisabeth Penzlien Tafner and Renata Silva},
	title = {Apostila de Metodologia Científica},
	year = {2007},
}

@book{Gil:2010,
	title={Como elaborar projetos de pesquisa},
	author={Gil, Antonio Carlos},
	isbn={9788522458233},
	year={2010},
	publisher={Atlas}
}

@book{Koche:1997,
	title={Fundamentos de metodologia científica: teoria da ciência e prática da pesquisa},
	author={Koche, J.C.},
	isbn={9788532618047},
	year={1997},
	publisher={Vozes}
}

@article{Mafra:Travassos:2006,
	Author = {Sômulo Nogueira Mafra and Guilherme Horta Travassos},
	Title = {Estudos Primários e Secundários apoiando a busca por Evidência em Engenharia de Software},
	Year = {2006},
	Address = {UFRJ: Rio de Janeiro},
}

@article{Kristensen:2004,
  added-at = {2009-07-14T00:00:00.000+0200},
  author = {Kristensen, Niels Rode and Madsen, Henrik and Jørgensen, Sten Bay},
  biburl = {http://www.bibsonomy.org/bibtex/20facd8cbec72cac6674b487dff8a19f6/dblp},
  date = {2009-07-14},
  description = {dblp},
  ee = {http://dx.doi.org/10.1016/j.compchemeng.2003.10.003},
  interhash = {118e6c98bd4e9b090537a6cadf0c12bf},
  intrahash = {0facd8cbec72cac6674b487dff8a19f6},
  journal = {Computers \& Chemical Engineering},
  keywords = {dblp},
  number = 8,
  pages = {1431-1449},
  timestamp = {2009-07-16T14:47:58.000+0200},
  title = {A method for systematic improvement of stochastic grey-box models.},
  url = {http://dblp.uni-trier.de/db/journals/cce/cce28.html#KristensenMJ04},
  volume = 28,
  year = 2004
}

@article{Franca:2001,
	Author = {Franca, L. P. A. and Staa, A. V.},
	Title = {Geradores de Artefatos: Implementação e Instanciação de Frameworks},
	Year = {2001},
	Address = {Departamento de Informática, PUC-Rio},
}
