@book{Scott:Carrington:2011,
	author = {Scott, John P. and Carrington, Peter J.},
	title = {The SAGE Handbook of Social Network Analysis},
	year = {2011},
	isbn = {1847873952, 9781847873958},
	publisher = {Sage Publications Ltd.},
}

@article{Marteleto:2001,
	Author = {Marteleto, Regina Maria},
	Title = {Mídias Sociais: uma contribuição de análise},
	Year = {2014},
	Address = {EDIPUCRS: Editora Universitária da PUCRS},
}

@article{Goular:2014,
	Author = {Goular, Elias E.},
	Title = {Análise de redes sociais: aplicação nos estudos de transferência da informação},
	Year = {2001},
	Address = {Ciência da Informação, Brasília},
}

@article{Hanneman:Riddle:2005,
	Author = {Hanneman, R. A. and Riddle, M.},
	Title = {Introduction to social network methods},
	Year = {2005},
	Address = {Riverside, CA: University of California},
	Url = {http://faculty.ucr.edu/~hanneman/nettext/}
}

@article{Krueger:1992,
 author = {Krueger, Charles W.},
 title = {Software Reuse},
 journal = {ACM Comput. Surv.},
 issue_date = {June 1992},
 volume = {24},
 number = {2},
 month = jun,
 year = {1992},
 issn = {0360-0300},
 pages = {131--183},
 numpages = {53},
 url = {http://doi.acm.org/10.1145/130844.130856},
 doi = {10.1145/130844.130856},
 acmid = {130856},
 publisher = {ACM},
 address = {New York, NY, USA},
 keywords = {abstraction, cognitive distance, software reuse},
} 

@inproceedings{Keswani:Joshi:Jatain:2014,
 author = {Keswani, Raman and Joshi, Salil and Jatain, Aman},
 title = {Software Reuse in Practice},
 booktitle = {Proceedings of the 2014 Fourth International Conference on Advanced Computing \& Communication Technologies},
 series = {ACCT '14},
 year = {2014},
 isbn = {978-1-4799-4910-6},
 pages = {159--162},
 numpages = {4},
 url = {http://dx.doi.org/10.1109/ACCT.2014.57},
 doi = {10.1109/ACCT.2014.57},
 acmid = {2605850},
 publisher = {IEEE Computer Society},
 address = {Washington, DC, USA},
} 